Exemples de  articles, el primer parametre es com l'indiques a la referència
Per més exemples: 
C.  H.  Papadimitriou  and  J.  N.  Tsitsiklis,  “The  Complexity  of  Optimal  Queueing  Network  Control,”  in Mathematics  of Operations Research, Vol. 24, No. 2, May 1999, pp. 293-305.
@article{pspace,
	author  = {C.  H.  Papadimitriou , J.  N.  Tsitsiklis}, 
	title   = {The  Complexity  of  Optimal  Queueing  Network  Control},
	journal = {Mathematics  of Operations Research},
	year    = 1999,
	number  = 2,
	pages   = {293-305},
	month   = May,
	volume  = 24
}

@book{alg2liveby,
	author = {Christian, Brian},
	title = {Algorithms to live by : the computer science of human decisions},
	publisher = {Henry Holt and Company},
	year = {2016},
	address = {New York},
	isbn = {978-1627790369}
}

@misc{catteo,
	author = {Bartosz Milewski},
	title = {{Category Theory for Programmers}},
	howpublished = "{{\href{https://bartoszmilewski.com/2014/10/28/category-theory-for-programmers-the-preface/}{Pàgina web}}}",
	year = {2020},
}

@book{knuth,
	author = {Knuth, Donald},
	title = {The art of computer programming},
	publisher = {Addison-Wesley},
	year = {1997},
	address = {Reading, Mass},
	isbn = {978-0321751041}
}

@book{clean,
	author = {Martin, Robert},
	title = {Clean code : a handbook of agile software craftsmanship},
	publisher = {Prentice Hall},
	year = {2009},
	address = {Upper Saddle River, NJ},
	isbn = {978-0132350884}
}
